@article{arti1,
   	author = {B. Buttenfield {,} M. Gahegan {,} H. Miller {,} M. Yuan},
    	title = {Geospatial Data Mining and Knowledge Discovery (White Paper)},
	    journal={Subitted to UCGIS Research Committee},
     	volume = {xxx},
    	year = {2000}
}

@article{arti2,
   	author = {D. Guo {,} J. Mennis},
    	title = {Spatial data mining and geographic knowledge discovery—An introduction},
	    journal={Computers, Environment and Urban Systems},
     	volume = {33},
    	year = {2009}
}

@article{arti3,
   	author = {R. Xin {,} J. Rosen  {,} M. Zaharia {,} M. Franklin {,} S. Shenker},
    	title = {Shark: SQL and Rich Analytics at Scale},
	    journal={AMPLab, EECS, UC Berkeley: Report},
    	year = {2013}
}

@article{arti4,
   	author = {Y. Huang {,} J. Pei  {,} H. Xiong},
    	title = {Mining Co-Location Patterns with Rare Events from Spatial Data Sets},
	    journal={Springer Science + Business Media, LLC},
    	year = {2006}
}

@misc{jobs,
  title = {The Popularity of Data Analysis Software},
  howpublished = {\url{http://r4stats.com/articles/popularity/}},
  note = {by Robert A. Muenchen}
}

@misc{basket,
  title = {metodos analíticos 2013},
  howpublished = {\url{http://fg-clases.squarespace.com/mtodos-analticos-primavera-2013/2013/5/7/clase-15}},
  note = {by Felipe González}
}


@book{massive,
   	author = {J. Leskovec {,} A. Rajaraman {,} J. Ullman},
    	title = {Mining of Massive Datasets},
	publisher={Cambridge University Press},
	address={United States},
	edition  = {Fith},
	year={2014}
}





